@article{HorawaLiebeck,
  author          = {Horawa, Alexander and Liebeck, Martin},
  title           = {M4P46: Lie Algebras},
  publisher       = {Imperial College London},
  date            = {Winter 2016}
}

@book{ErdmannWildon,
  author          = {Erdmann, Karin and Wildon, Mark J.},
  title           = {Introduction to Lie Algebras},
  year            = {2006},
  publisher       = {Springer},
  series          = {Springer Undergraduate Mathematics Series},
}